%%% ====================================================================
%%%  BibTeX-file{
%%%     author          = "Gerry Murray",
%%%     version         = "1.2",
%%%     date            = "2 April 2012",
%%%     filename        = "acmsmall-sample-bibfile.bib",
%%%     address         = "ACM, NY",
%%%     email           = "murray at hq.acm.org",
%%%     codetable       = "ISO/ASCII",
%%%     keywords        = "ACM Reference Format, bibliography, citation, references",
%%%     supported       = "yes",
%%%     docstring       = "This BibTeX database file contains 'bibdata' entries
%%%                        that 'match' the examples provided in the Specifications Document
%%%                        AND, also, 'legacy'-type bibs. It should assist authors in 
%%%                        choosing the 'correct' at-bibtype and necessary bib-fields
%%%                        so as to obtain the appropriate ACM Reference Format output. 
%%%			   It also contains many 'Standard Abbreviations'. "
%%%  }
%%% ====================================================================

% Journals

% First the Full Name is given, then the abbreviation used in the AMS Math
% Reviews, with an indication if it could not be found there.
% Note the 2nd overwrites the 1st, so swap them if you want the full name.

 %{AMS}
 @String{AMSTrans = "American Mathematical Society Translations" }
 @String{AMSTrans = "Amer. Math. Soc. Transl." }
 @String{BullAMS = "Bulletin of the American Mathematical Society" }
 @String{BullAMS = "Bull. Amer. Math. Soc." }
 @String{ProcAMS = "Proceedings of the American Mathematical Society" }
 @String{ProcAMS = "Proc. Amer. Math. Soc." }
 @String{TransAMS = "Transactions of the American Mathematical Society" }
 @String{TransAMS = "Trans. Amer. Math. Soc." }

 %ACM
 @String{CACM = "Communications of the {ACM}" }
 @String{CACM = "Commun. {ACM}" }
 @String{CompServ = "Comput. Surveys" }
 @String{JACM = "J. ACM" }
 @String{ACMMathSoft = "{ACM} Transactions on Mathematical Software" }
 @String{ACMMathSoft = "{ACM} Trans. Math. Software" }
 @String{SIGNUM = "{ACM} {SIGNUM} Newsletter" }
 @String{SIGNUM = "{ACM} {SIGNUM} Newslett." }

 @String{AmerSocio = "American Journal of Sociology" }
 @String{AmerStatAssoc = "Journal of the American Statistical Association" }
 @String{AmerStatAssoc = "J. Amer. Statist. Assoc." }
 @String{ApplMathComp = "Applied Mathematics and Computation" }
 @String{ApplMathComp = "Appl. Math. Comput." }
 @String{AmerMathMonthly = "American Mathematical Monthly" }
 @String{AmerMathMonthly = "Amer. Math. Monthly" }
 @String{BIT = "{BIT}" }
 @String{BritStatPsych = "British Journal of Mathematical and Statistical
          Psychology" }
 @String{BritStatPsych = "Brit. J. Math. Statist. Psych." }
 @String{CanMathBull = "Canadian Mathematical Bulletin" }
 @String{CanMathBull = "Canad. Math. Bull." }
 @String{CompApplMath = "Journal of Computational and Applied Mathematics" }
 @String{CompApplMath = "J. Comput. Appl. Math." }
 @String{CompPhys = "Journal of Computational Physics" }
 @String{CompPhys = "J. Comput. Phys." }
 @String{CompStruct = "Computers and Structures" }
 @String{CompStruct = "Comput. \& Structures" }
 @String{CompJour = "The Computer Journal" }
 @String{CompJour = "Comput. J." }
 @String{CompSysSci = "Journal of Computer and System Sciences" }
 @String{CompSysSci = "J. Comput. System Sci." }
 @String{Computing = "Computing" }
 @String{ContempMath = "Contemporary Mathematics" }
 @String{ContempMath = "Contemp. Math." }
 @String{Crelle = "Crelle's Journal" }
 @String{GiornaleMath = "Giornale di Mathematiche" }
 @String{GiornaleMath = "Giorn. Mat." } % didn't find in AMS MR., ibid.

 %IEEE
 @String{Computer = "{IEEE} Computer" }
 @String{IEEETransComp = "{IEEE} Transactions on Computers" }
 @String{IEEETransComp = "{IEEE} Trans. Comput." }
 @String{IEEETransAC = "{IEEE} Transactions on Automatic Control" }
 @String{IEEETransAC = "{IEEE} Trans. Automat. Control" }
 @String{IEEESpec = "{IEEE} Spectrum" } % didn't find in AMS MR
 @String{ProcIEEE = "Proceedings of the {IEEE}" }
 @String{ProcIEEE = "Proc. {IEEE}" } % didn't find in AMS MR
 @String{IEEETransAeroElec = "{IEEE} Transactions on Aerospace and Electronic
     Systems" }
 @String{IEEETransAeroElec = "{IEEE} Trans. Aerospace Electron. Systems" }

 @String{IMANumerAna = "{IMA} Journal of Numerical Analysis" }
 @String{IMANumerAna = "{IMA} J. Numer. Anal." }
 @String{InfProcLet = "Information Processing Letters" }
 @String{InfProcLet = "Inform. Process. Lett." }
 @String{InstMathApp = "Journal of the Institute of Mathematics and
     its Applications" }
 @String{InstMathApp = "J. Inst. Math. Appl." }
 @String{IntControl = "International Journal of Control" }
 @String{IntControl = "Internat. J. Control" }
 @String{IntNumerEng = "International Journal for Numerical Methods in
     Engineering" }
 @String{IntNumerEng = "Internat. J. Numer. Methods Engrg." }
 @String{IntSuper = "International Journal of Supercomputing Applications" }
 @String{IntSuper = "Internat. J. Supercomputing Applic." } % didn't find
%% in AMS MR
 @String{Kibernetika = "Kibernetika" }
 @String{JResNatBurStand = "Journal of Research of the National Bureau
     of Standards" }
 @String{JResNatBurStand = "J. Res. Nat. Bur. Standards" }
 @String{LinAlgApp = "Linear Algebra and its Applications" }
 @String{LinAlgApp = "Linear Algebra Appl." }
 @String{MathAnaAppl = "Journal of Mathematical Analysis and Applications" }
 @String{MathAnaAppl = "J. Math. Anal. Appl." }
 @String{MathAnnalen = "Mathematische Annalen" }
 @String{MathAnnalen = "Math. Ann." }
 @String{MathPhys = "Journal of Mathematical Physics" }
 @String{MathPhys = "J. Math. Phys." }
 @String{MathComp = "Mathematics of Computation" }
 @String{MathComp = "Math. Comp." }
 @String{MathScand = "Mathematica Scandinavica" }
 @String{MathScand = "Math. Scand." }
 @String{TablesAidsComp = "Mathematical Tables and Other Aids to Computation" }
 @String{TablesAidsComp = "Math. Tables Aids Comput." }
 @String{NumerMath = "Numerische Mathematik" }
 @String{NumerMath = "Numer. Math." }
 @String{PacificMath = "Pacific Journal of Mathematics" }
 @String{PacificMath = "Pacific J. Math." }
 @String{ParDistComp = "Journal of Parallel and Distributed Computing" }
 @String{ParDistComp = "J. Parallel and Distrib. Comput." } % didn't find
%% in AMS MR
 @String{ParComputing = "Parallel Computing" }
 @String{ParComputing = "Parallel Comput." }
 @String{PhilMag = "Philosophical Magazine" }
 @String{PhilMag = "Philos. Mag." }
 @String{ProcNAS = "Proceedings of the National Academy of Sciences
                    of the USA" }
 @String{ProcNAS = "Proc. Nat. Acad. Sci. U. S. A." }
 @String{Psychometrika = "Psychometrika" }
 @String{QuartMath = "Quarterly Journal of Mathematics, Oxford, Series (2)" }
 @String{QuartMath = "Quart. J. Math. Oxford Ser. (2)" }
 @String{QuartApplMath = "Quarterly of Applied Mathematics" }
 @String{QuartApplMath = "Quart. Appl. Math." }
 @String{RevueInstStat = "Review of the International Statisical Institute" }
 @String{RevueInstStat = "Rev. Inst. Internat. Statist." }

 %SIAM
 @String{JSIAM = "Journal of the Society for Industrial and Applied
     Mathematics" }
 @String{JSIAM = "J. Soc. Indust. Appl. Math." }
 @String{JSIAMB = "Journal of the Society for Industrial and Applied
     Mathematics, Series B, Numerical Analysis" }
 @String{JSIAMB = "J. Soc. Indust. Appl. Math. Ser. B Numer. Anal." }
 @String{SIAMAlgMeth = "{SIAM} Journal on Algebraic and Discrete Methods" }
 @String{SIAMAlgMeth = "{SIAM} J. Algebraic Discrete Methods" }
 @String{SIAMAppMath = "{SIAM} Journal on Applied Mathematics" }
 @String{SIAMAppMath = "{SIAM} J. Appl. Math." }
 @String{SIAMComp = "{SIAM} Journal on Computing" }
 @String{SIAMComp = "{SIAM} J. Comput." }
 @String{SIAMMatrix = "{SIAM} Journal on Matrix Analysis and Applications" }
 @String{SIAMMatrix = "{SIAM} J. Matrix Anal. Appl." }
 @String{SIAMNumAnal = "{SIAM} Journal on Numerical Analysis" }
 @String{SIAMNumAnal = "{SIAM} J. Numer. Anal." }
 @String{SIAMReview = "{SIAM} Review" }
 @String{SIAMReview = "{SIAM} Rev." }
 @String{SIAMSciStat = "{SIAM} Journal on Scientific and Statistical
     Computing" }
 @String{SIAMSciStat = "{SIAM} J. Sci. Statist. Comput." }

 @String{SoftPracExp = "Software Practice and Experience" }
 @String{SoftPracExp = "Software Prac. Experience" } % didn't find in AMS MR
 @String{StatScience = "Statistical Science" }
 @String{StatScience = "Statist. Sci." }
 @String{Techno = "Technometrics" }
 @String{USSRCompMathPhys = "{USSR} Computational Mathematics and Mathematical
     Physics" }
 @String{USSRCompMathPhys = "{U. S. S. R.} Comput. Math. and Math. Phys." }
 @String{VLSICompSys = "Journal of {VLSI} and Computer Systems" }
 @String{VLSICompSys = "J. {VLSI} Comput. Syst." }
 @String{ZAngewMathMech = "Zeitschrift fur Angewandte Mathematik und
     Mechanik" }
 @String{ZAngewMathMech = "Z. Angew. Math. Mech." }
 @String{ZAngewMathPhys = "Zeitschrift fur Angewandte Mathematik und Physik" }
 @String{ZAngewMathPhys = "Z. Angew. Math. Phys." }

% Publishers % ================================================= |

 @String{Academic = "Academic Press" }
 @String{ACMPress = "{ACM} Press" }
 @String{AdamHilger = "Adam Hilger" }
 @String{AddisonWesley = "Addison-Wesley" }
 @String{AllynBacon = "Allyn and Bacon" }
 @String{AMS = "American Mathematical Society" }
 @String{Birkhauser = "Birkha{\"u}ser" }
 @String{CambridgePress = "Cambridge University Press" }
 @String{Chelsea = "Chelsea" }
 @String{ClaredonPress = "Claredon Press" }
 @String{DoverPub = "Dover Publications" }
 @String{Eyolles = "Eyolles" }
 @String{HoltRinehartWinston = "Holt, Rinehart and Winston" }
 @String{Interscience = "Interscience" }
 @String{JohnsHopkinsPress = "The Johns Hopkins University Press" }
 @String{JohnWileySons = "John Wiley and Sons" }
 @String{Macmillan = "Macmillan" }
 @String{MathWorks = "The Math Works Inc." }
 @String{McGrawHill = "McGraw-Hill" }
 @String{NatBurStd = "National Bureau of Standards" }
 @String{NorthHolland = "North-Holland" }
 @String{OxfordPress = "Oxford University Press" }  %address Oxford or London?
 @String{PergamonPress = "Pergamon Press" }
 @String{PlenumPress = "Plenum Press" }
 @String{PrenticeHall = "Prentice-Hall" }
 @String{SIAMPub = "{SIAM} Publications" }
 @String{Springer = "Springer-Verlag" }
 @String{TexasPress = "University of Texas Press" }
 @String{VanNostrand = "Van Nostrand" }
 @String{WHFreeman = "W. H. Freeman and Co." }

%Entries


@InBook{Editor00a,
  author = 	 "",
  editor =       "Ian Editor",
  title =        "The title of book two",
  subtitle =     "The book subtitle",
  series =       "The name of the series two",
  year =         "2008",
  address =      "Chicago",
  edition =      "2nd.",
  publisher =    "University of Chicago Press",
  doi = 	 "10.1007/3-540-09237-4",
  url = 	 "http://dx.doi.org/10.1007/3-540-09456-9",
  volume = 	 "",
  chapter = 	 "100",
  pages = 	 "",
  number = 	 "",
  type = 	 "",
  month = 	 "",
  note = 	 "",
}





@Techreport{Harel78,
  author =       "David Harel",
  year =         "1978",
  title =        "LOGICS of Programs: AXIOMATICS and DESCRIPTIVE POWER",
  institution =  "Massachusetts Institute of Technology",
  type =         "MIT Research Lab Technical Report",
  number =       "TR-200",
  address =      "Cambridge, MA",
  month = 	 "",
  note = 	 "",
}

%@MASTERSTHESIS{anisi03,
%author = {David A. Anisi},
%title = {Optimal Motion Control of a Ground Vehicle},
%school = {Royal Institute of Technology (KTH), Stockholm, Sweden},
%intitution = {FOI-R-0961-SE, Swedish Defence Research Agency (FOI)},
%year = {2003},
%}
%
%
%@Phdthesis{Clarkson85,
%  author =       "Kenneth L. Clarkson",
%  year =         "1985",
%  title =        "Algorithms for Closest-Point Problems (Computational Geometry)",
%  school =       "Stanford University",
%  address =      "Palo Alto, CA",
%  note =         "UMI Order Number: AAT 8506171",
%  type = 	 "",
%  month = 	 "",
%}
%
%
%@online{Thornburg01,
%  author =       "Harry Thornburg",
%  year =         "2001",
%  title =        "Introduction to Bayesian Statistics",
%  url =           "http://ccrma.stanford.edu/~jos/bayes/bayes.html",
%  month = 	 mar,
%  lastaccessed = "March 2, 2005",
%}
%
%
%@online{Ablamowicz07,
%  author =       "Rafal Ablamowicz and Bertfried Fauser",
%  year =         "2007",
%  title =        "CLIFFORD: a Maple 11 Package for Clifford Algebra Computations, version 11",
%  url =          "http://math.tntech.edu/rafal/cliff11/index.html",
%  lastaccessed = "February 28, 2008",
%}
%
%
%@misc{Poker06,
%  author =       "Poker-Edge.Com",
%  year =         "2006",
%  month 	= mar,
%  title =        "Stats and Analysis",
%  lastaccessed = "June 7, 2006",
%  url =          "http://www.poker-edge.com/stats.php",
%}



@inproceedings{GreenSlot,
 author = {Goiri, \'{I}\~{n}igo and Le, Kien and Haque, Md. E. and Beauchea, Ryan and Nguyen, Thu D. and Guitart, Jordi and Torres, Jordi and Bianchini, Ricardo},
 title = {GreenSlot: Scheduling Energy Consumption in Green Datacenters},
 booktitle = {Proc. of Int. Conf. for High Performance Computing, Networking, Storage and Analysis},
 year = {2011},
 isbn = {978-1-4503-0771-0},
 location = {Seattle, Washington},
 articleno = {20},
 numpages = {11},
acmid = {2063411},
 publisher = {ACM},
 keywords = {datacenters, energy-aware job scheduling, green energy}
}


@ARTICLE{sabbir, 
author={Hasan, MD Sabbir and Kouki, Yousri and Ledoux, Thomas and Pazat, Jean-Louis}, 
journal={IEEE Transactions on Cloud Computing}, 
title={Exploiting Renewable sources : when Green SLA becomes a possible reality in Cloud computing.}, 
year={2017}, 
volume={5}, 
number={2}, 
pages={1-1}, 
ISSN={2168-7161}, 
month={April}
}


@inproceedings{parasol,
 author = {Goiri, \'{I}\~{n}igo and Katsak, William and Le, Kien and Nguyen, Thu D. and Bianchini, Ricardo},
 title = {Parasol and GreenSwitch: Managing Datacenters Powered by Renewable Energy},
title = {8th Int. Conf. on Architectural Support for Programming Languages and Operating Systems},
 year = {2013},
 location = {Houston, Texas, USA},
 month = {March},
publisher = {ACM}
}

@inproceedings{GreenHadoop,
 author = {Goiri, \'{I}\~{n}igo and Le, Kien and Nguyen, Thu D. and Guitart, Jordi and Torres, Jordi and Bianchini, Ricardo},
 title = {GreenHadoop: Leveraging Green Energy in Data-processing Frameworks},
 booktitle = {Proc. of the 7th ACM European Conf. on Comp. Syst.},
 year = {2012},
pages = {57--70},
 location = {Bern, Switzerland},
acmid = {2168843},
 publisher = {ACM}
} 

 
 
@inproceedings {corentin,
	title = {An energy aware application controller for optimizing renewable energy consumption in Cloud computing data centres},
	title = {8th IEEE/ACM Int. Conf. on Utility and Cloud Computing},
	year = {2015},
	address = {Limassol, Cyprus},
	author = {Dupont, Corentin and Sheikhalishahi, Mehdi and Federico, Michele Facca and Hermenier, Fabien}
}

@inproceedings{cloudcom,
 author = {Hasan,Sabbir and Alvares, Frederico and Ledoux, Thomas and Pazat, Jean-Louis},
 title = {Enabling Green Energy awareness in Interactive Cloud Application},
 booktitle = {Int. Conf. on Cloud Computing Technology and Science},
 year = {2016}, 
 publisher= {IEEE},
 month={December}
  
}

@ARTICLE{tsc, 
author = {Hasan,Sabbir and Alvares, Frederico and Ledoux, Thomas and Pazat, Jean-Louis},
journal={IEEE Transactions on Sustainable computing}, 
title={Investigating Energy consumption and Performance trade-off for Interactive Cloud Application.}, 
year={2017}, 
volume={2}, 
number={2}, 
pages={113-126}, 
ISSN={2377-3782}, 
month={June}
}

@article{server-cluster,
  author    = {Wang, Xiaorui and Wang, Yefu},
  title     = {Coordinating Power Control and Performance Management for Virtualized Server Clusters},
  journal   = {{IEEE} Trans. Parallel Distrib. Syst.},
  volume    = {22},
  number    = {2},
  pages     = {245--259},
  year      = {2011},
  url       = {http://dx.doi.org/10.1109/TPDS.2010.91},
  doi       = {10.1109/TPDS.2010.91}
}

@article{shi,
  author    = {Shi, Xiaoyu and Dong, Jin and M. Djouadi, Seddik and Feng, Yong and Ma, Xiao and Wang, Yefu},
  title     = {PAPMSC: Power-Aware Performance Management Approach for Virtualized
               Web Servers via Stochastic Control},
  journal   = {J. Grid Comput.},
  volume    = {14},
  number    = {1},
  pages     = {171--191},
  year      = {2016},
  doi       = {10.1007/s10723-015-9341-z}
}

@inproceedings{morin1,
  author    = {Costache, Stefania and Parlavantzas, Nikos and Morin, Christine and Kortas, Samuel},
  title     = {An Economic Approach for Application QoS Management in Clouds},
  booktitle = {Euro-Par 2011: Parallel Processing Workshops Bordeaux, France, August 29 - September 2, 2011},
  pages     = {426--435},
  year      = {2011},
  doi       = {10.1007/978-3-642-29740-3_48}
}

@article{morin2,
  author    = {Costache, Stefania and Kortas, Samuel and Morin, Christine and Parlavantzas, Nikos},
  title     = {Market-based autonomous resource and application management in private clouds},
  journal   = {Journal of Parallel and Distribured Computing},
  volume    = {100},
  pages     = {85--102},
  year      = {2017},
  doi       = {10.1016/j.jpdc.2016.10.003}
}

@article{adaptcap,
  author    = {Hankendi, Can and Kivilcim Coskun, Ayse and Hoffmann, Henry},
  title     = {Adapt{\&}Cap: Coordinating System- and Application-Level Adaptation
               for Power-Constrained Systems},
  journal   = {IEEE Design \& Test},
  volume    = {33},
  number    = {1},
  pages     = {68--76},
  year      = {2016},
  doi       = {10.1109/MDAT.2015.2463275}
}


@ARTICLE{vision,
author={Kephart, J. O. and Chess, D. M.},
journal={Computer},
title={The vision of autonomic computing},
year={2003},
volume={36},
number={1},
pages={41-50},
doi={10.1109/MC.2003.1160055},
month={January}
}

@inproceedings{vertical,
  author    = {Turowski, Marian and Lenk, Alexander},
  title     = {Vertical Scaling Capability of OpenStack - Survey of Guest Operating
               Systems, Hypervisors, and the Cloud Management Platform},
  booktitle = {Service-Oriented Computing - {ICSOC} 2014 Workshops - WESOA; SeMaPS,
               RMSOC, KASA, ISC, FOR-MOVES, {CCSA} and Satellite Events, Paris, France},
  pages     = {351--362},
  year      = {2014},
  doi       = {10.1007/978-3-319-22885-3_30}
}

@conference{GreenPar,
  author    = { Haque, Md. E. and Goiri, \'{I}\ {n}igo  and Bianchini R. and Nguyen, Thu D. },
  title     = {GreenPar: Scheduling Parallel High Performance Applications in Green
               Datacenters},
  booktitle = {Proceedings of the 29th {ACM} on International Conference on Supercomputing, ICS'15, Newport Beach/Irvine, CA, USA, June 08 - 11, 2015},
  pages     = {217-227},
  year      = {2015},
  url       = {http://doi.acm.org/10.1145/2751205.2751221},
  doi       = {10.1145/2751205.2751221}
}


@inproceedings{brownout,
 author = {Klein, Cristian and Maggio, Martina and \AA{rz}\'{e}n, Karl-Erik and Hern\'{a}ndez-Rodriguez, Francisco},
 title = {Brownout: Building More Robust Cloud Applications},
 booktitle = {Proc. of the 36th Int. Conf. on Software Engineering},
 year = {2014},
 doi = {10.1145/2568225.2568227},
 publisher = {ACM}
}



@conference{GreenWare,
author = {Zhang, Yanwei and Wang, Yefu and Wang, Xiaorui},
  booktitle = {ACM/IFIP/USENIX 12th International Middleware Conference},
  pages = {143-164},
  publisher = {Springer},
  series = {Lecture Notes in Computer Science},
  title = {GreenWare: Greening Cloud-Scale Data Centers to Maximize the Use of Renewable Energy.},
  year = {2011}

}

@inproceedings{not-easy,
author = {Gao, Peter Xiang and Curtis, Andrew R. and Wong, Bernard and Keshav, Srinivasan},
title = {It's not easy being green},
booktitle = {Proceedings of the ACM SIGCOMM 2012 conference on Applications, technologies, architectures, and protocols for computer communication},
series = {SIGCOMM '12},
year = {2012},
numpages = {12},
doi = {10.1145/2342356.2342398},
acmid = {2342398},
publisher = {ACM}
}


@inproceedings{garlan1,
  author    = {A. Moreno, Gabriel and C{\'{a}}mara, Javier and Garlan, David and R. Schmerl, Bradley},
  title     = {Efficient Decision-Making under Uncertainty for Proactive Self-Adaptation},
  booktitle = {IEEE International Conference on Autonomic Computing, ICAC},
  pages     = {147--156},
  year      = {2016},
  doi       = {10.1109/ICAC.2016.59}
  
  }

%@inproceedings{fleder,
% author = {Fleder, Daniel and Hosanagar, Kartik and Buja, Andreas},
% title = {Recommender Systems and Their Effects on Consumers: The Fragmentation Debate},
% booktitle = {Proc. of the 11th ACM Conf. on Electronic Commerce},
% year = {2010},
% isbn = {978-1-60558-822-3},
% location = {Cambridge, Massachusetts, USA},
% numpages = {2},
%acmid = {1807378},
% publisher = {ACM},
% keywords = {collaborative filtering, fragmentation, long tail, personalization, recommender systems},
%} 
% address = {New York, NY, USA},
% pages = {229--230},
% series = {EC '10},
% url = {http://doi.acm.org/10.1145/1807342.1807378},
% doi = {10.1145/1807342.1807378},
%
% 
